@article{bachute2021autonomous,
  title={Autonomous driving architectures: insights of machine learning and deep learning algorithms},
  author={Bachute, Mrinal R and Subhedar, Javed M},
  journal={Machine Learning with Applications},
  volume={6},
  pages={100164},
  year={2021},
  publisher={Elsevier},
  link={https://www.sciencedirect.com/science/article/pii/S2666827021000827}
} 
