@article{dosovitskiy2017carla,
  title = { {CARLA}: {An} Open Urban Driving Simulator},
  author = {Alexey Dosovitskiy and German Ros and Felipe Codevilla and Antonio Lopez and Vladlen Koltun},
  booktitle = {Proceedings of the 1st Annual Conference on Robot Learning},
  pages = {1--16},
  year = {2017},
  url={https://ieeexplore.ieee.org/abstract/document/9488179}
}
@book{kanatani1998statistical,
  title={Statistical optimization for geometric computation: theory and practice},
  author={Kanatani, Kenichi},
  year={1998},
  publisher={Elsevier},
  address={Amsterdam, The Netherlands},
  url={https://shop.elsevier.com/books/statistical-optimization-for-geometric-computation-theory-and-practice/kanatani/978-0-444-82427-1}
}
@book{hartley2003multiple,
  title={Multiple View Geometry in Computer Vision},
  author={Hartley, Richard and Zisserman, Andrew},
  edition={Second},
  year={2003},
  publisher={Cambridge University Press},
  address={New York, NY, USA},
  url={https://assets.cambridge.org/97805215/40513/frontmatter/9780521540513_frontmatter.pdf}
}
@article{fischler1981ransac,
  title={Random Sample Consensus: A Paradigm for Model Fitting with Applications to Image Analysis and Automated Cartography},
  author={Fischler, Martin A. and Bolles, Robert C.},
  journal={Communications of the ACM},
  volume={24},
  number={6},
  pages={381--395},
  year={1981},
  publisher={ACM},
  url={https://dl.acm.org/doi/10.1145/358669.358692}
}
@article{canny1986edge,
  title = {A Computational Approach To Edge Detection},
  author = {Canny, John},
  journal = {IEEE Transactions on Pattern Analysis and Machine Intelligence},
  volume = {8},
  number = {6},
  pages = {679--698},
  year = {1986},
  url={https://ieeexplore.ieee.org/document/4767851}
}
@article{ballard1981hough,
  title={Generalizing the {Hough} transform to detect arbitrary shapes},
  author={Ballard, Dana H},
  journal={Pattern Recognition},
  volume={13},
  number={2},
  pages={111--122},
  year={1981},
  publisher={Elsevier},
  url={https://www.sciencedirect.com/science/article/abs/pii/0031320381900170}
}
@book{golub2013matrix,
  title={Matrix Computations},
  author={Golub, Gene H. and Van Loan, Charles F.},
  edition={Fourth},
  year={2013},
  publisher={Johns Hopkins University Press},
  address={Baltimore, MD, USA},
  url={https://jhupbooks.press.jhu.edu/title/matrix-computations-fourth-edition}
}
@book{tan2005introduction,
  title={Introduction to Data Mining},
  author={Tan, Pang-Ning and Steinbach, Michael and Kumar, Vipin},
  year={2005},
  publisher={Addison Wesley},
  url={https://www.pearson.com/en-us/subject-catalog/p/introduction-to-data-mining/P200000003204/9780137506286}

}
@article{bachute2021autonomous,
  title={Autonomous driving architectures: insights of machine learning and deep learning algorithms},
  author={Bachute, Mrinal R and Subhedar, Javed M},
  journal={Machine Learning with Applications},
  volume={6},
  pages={100164},
  year={2021},
  publisher={Elsevier},
  url={https://www.sciencedirect.com/science/article/pii/S2666827021000827}
} 
@article{cai2021vision,
  title={Vision-based autonomous car racing using deep imitative reinforcement learning},
  author={Cai, Peide and Wang, Hengli and Huang, Huaiyang and Liu, Yuxuan and Liu, Ming},
  journal={IEEE Robotics and Automation Letters},
  volume={6},
  number={4},
  pages={7262--7269},
  year={2021},
  publisher={IEEE},
  url={https://ieeexplore.ieee.org/abstract/document/9488179}
}
@article{althoff2009model,
  title={Model-based probabilistic collision detection in autonomous driving},
  author={Althoff, Matthias and Stursberg, Olaf and Buss, Martin},
  journal={IEEE Transactions on Intelligent Transportation Systems},
  volume={10},
  number={2},
  pages={299--310},
  year={2009},
  publisher={IEEE},
  url = {https://ieeexplore.ieee.org/abstract/document/4895669},
}
@article{pavel2022vision,
  title={Vision-based autonomous vehicle systems based on deep learning: A systematic literature review},
  author={Pavel, Monirul Islam and Tan, Siok Yee and Abdullah, Azizi},
  journal={Applied Sciences},
  volume={12},
  number={14},
  pages={6831},
  year={2022},
  publisher={MDPI},
  url = {https://www.mdpi.com/2076-3417/12/14/6831},
}
@article{alam2022cost,
  title={A cost-effective computer vision-based vehicle detection system},
  author={Alam, Altaf and Jaffery, Zainul Abdin and Sharma, Himanshu},
  journal={Concurrent Engineering},
  volume={30},
  number={2},
  pages={148--158},
  year={2022},
  publisher={SAGE Publications Sage UK: London, England},
  url = {https://journals.sagepub.com/doi/abs/10.1177/1063293X211069193},
}
@article{prasad2023design,
  title={Design and development of software stack of an autonomous vehicle using robot operating system},
  author={Prasad, Abhisek Omkar and Mishra, Pradumn and Jain, Urja and Pandey, Anish and Sinha, Anushka and Yadav, Anil Singh and Kumar, Rajan and Sharma, Abhishek and Kumar, Gaurav and Salem, Karrar Hazim and others},
  journal={Robotics and Autonomous Systems},
  volume={161},
  pages={104340},
  year={2023},
  publisher={Elsevier},
  url = {https://www.sciencedirect.com/science/article/abs/pii/S0921889022002299},
}
@article{konecny2022motion,
  title={4Motion Planning and Object Recognition Algorithms, Vehicle Navigation and Collision Avoidance Technologies, and Geospatial Data Visualization in Network Connectivity Systems},
  author={Konecny, Vladimir and Ja{\'s}kiewicz, Marek and Downs, Steve},
  journal={Contemporary Readings in Law and Social Justice},
  volume={14},
  number={1},
  pages={89--104},
  year={2022},
  publisher={Addleton Academic Publishers},
  url = {https://www.ceeol.com/search/article-detail?id=1058552},
}
@article{sushma2023dynamic,
  title={5Dynamic vehicle modelling and controlling techniques for autonomous vehicle systems},
  author={Sushma, R and Kumar, J Satheesh},
  journal={Journal of Electrical Engineering and Automation},
  volume={4},
  number={4},
  pages={307--315},
  year={2023},
  url = {https://irojournals.com/iroeea/article/view/4/4/7},
}
@article{li2022human,
  title={6Human-like motion planning of autonomous vehicle based on probabilistic trajectory prediction},
  author={Li, Peng and Pei, Xiaofei and Chen, Zhenfu and Zhou, Xingzhen and Xu, Jie},
  journal={Applied Soft Computing},
  volume={118},
  pages={108499},
  year={2022},
  publisher={Elsevier},
  url = {https://www.sciencedirect.com/science/article/abs/pii/S1568494622000473},
}

@misc{highway-env,
  author = {Leurent, Edouard},
  title = {An Environment for Autonomous Driving Decision-Making},
  year = {2018},
  publisher = {GitHub},
  journal = {GitHub repository},
  howpublished = {\url{https://github.com/eleurent/highway-env}},
}

@misc{towers2024gymnasium,
  title={Gymnasium: A Standard Interface for Reinforcement Learning Environments},
  author={Towers, Mark and Kwiatkowski, Ariel and Terry, Jordan and Balis, John U. and De Cola, Gianluca and Deleu, Tristan and Goulão, Manuel and others},
  year={2024},
  howpublished={\url{https://arxiv.org/abs/2407.17032}},
}

@article{raffin2021stable,
  title={Stable-Baselines3: Reliable Reinforcement Learning Implementations},
  author={Raffin, Antonin and Hill, Ashley and Gleave, Adam and Kanervisto, Anssi and Ernestus, Maximilian and Dormann, Noah},
  journal={Journal of Machine Learning Research},
  volume={22},
  number={268},
  pages={1--8},
  year={2021},
  url={http://jmlr.org/papers/v22/20-1364.html}
}
@book{sutton2018reinforcement,
  title={Reinforcement learning: An introduction},
  author={Sutton, Richard S and Barto, Andrew G},
  year={2018},
  publisher={MIT press},
  edition={Second},
  url={http://incompleteideas.net/book/the-book-2nd.html}
}
@misc{gymnasium2023,
  title={Gymnasium},
  author={Farama Foundation},
  year={2023},
  url={https://gymnasium.farama.org/},
  note={Open source Python library for developing and comparing reinforcement learning algorithms}
}

@article{DudaEtAl1972,
author = {Duda, Richard O. and Hart, Peter E.},
title = {Use of the Hough transformation to detect lines and curves in pictures},
year = {1972},
issue_date = {Jan. 1972},
publisher = {Association for Computing Machinery},
address = {New York, NY, USA},
volume = {15},
number = {1},
issn = {0001-0782},
url = {https://doi.org/10.1145/361237.361242},
doi = {10.1145/361237.361242},
abstract = {Hough has proposed an interesting and computationally efficient procedure for detecting lines in pictures. This paper points out that the use of angle-radius rather than slope-intercept parameters simplifies the computation further. It also shows how the method can be used for more general curve fitting, and gives alternative interpretations that explain the source of its efficiency.},
journal = {Commun. ACM},
month = jan,
pages = {11–15},
numpages = {5},
keywords = {Hough transformation, colinear points, curve detection, line detection, pattern recognition, picture processing, point-line transformation}
}


